@book{BRIGGS2004,
author = {Briggs, Dennis E. and others},
title = {Brewing: Science and Practice},
year = {2004},
publisher = {Elsevier}
}

@incollection{BAMFORTH2003,
author = {Bamforth, C. W.},
title = {BEERS: Chemistry of Brewing A2},
booktitle = {Encyclopedia of Food Sciences and Nutrition - Second Edition},
year = {2003},
pages = {440--447},
address = {Oxford}
}

@article{CECCARONI2019,
author = {Ceccaroni, Dayana and others},
title = {Rice malting optimization for the production of top-fermented gluten-free beer},
journal = {Journal of the Science of Food and Agriculture},
year = {2019},
volume = {99},
number = {6},
pages = {2726--2734}
}

@book{CENCI2021,
author = {Cenci, Isabella de Oliveira and others},
title = {Cevada e Malteação},
year = {2021},
edition = {1},
publisher = {Appris Editora},
address = {Curitiba}
}

@article{COGHE2004,
author = {Coghe, Stefan and others},
title = {Sensory and instrumental flavour analysis of wort brewed with dark specialty malts},
journal = {Journal of the Institute of Brewing},
year = {2004},
volume = {110},
number = {2},
pages = {94--103}
}

@incollection{FOX2009,
author = {Fox, G. P.},
title = {Chemical composition in barley grains and malt quality},
booktitle = {Genetics and improvement of barley malt quality},
year = {2009},
pages = {63--98},
publisher = {Springer Berlin Heidelberg},
address = {Berlin, Heidelberg}
}

@article{GUPTA2010,
author = {Gupta, Mahesh and Abu-Ghannam, Nissreen and Gallaghar, Eimear},
title = {Barley for brewing: Characteristic changes during malting, brewing and applications of its by-products},
journal = {Comprehensive Reviews in Food Science and Food Safety},
year = {2010},
volume = {9},
number = {3},
pages = {318--328}
}

@article{KOISTINEN2020,
author = {Koistinen, Ville M. and others},
title = {Side-stream products of malting: a neglected source of phytochemicals},
journal = {npj Science of Food},
year = {2020},
volume = {4},
number = {1},
pages = {21}
}

@misc{KOVALOVA2024,
author = {Kovalova, Olena and others},
title = {Development of oat malt production technology using plasma-chemically activated aqueous solutions},
year = {2024},
note = {(Informações de publicação não fornecidas)}
}

@book{LEWIS2012,
author = {Lewis, Michael J. and Young, Tom W.},
title = {Brewing},
year = {2012},
publisher = {Springer Science \& Business Media}
}

@inproceedings{LUARASI2016,
author = {Luarasi, Linda and Troja, Rozana and Pinguli, Luljeta},
title = {Microbiological safety and quality evaluation of the raw materials used in beer production},
year = {2016},
booktitle = {(Evento não especificado)}
}

@book{MALLETT2022,
author = {Mallett, John},
title = {Malte: um guia prático do campo à cervejaria},
year = {2022},
publisher = {Editora Krater}
}

@article{MAYER2014,
author = {Mayer, Heidi and others},
title = {Production of a saccharifying rice malt for brewing using different rice varieties and malting parameters},
journal = {Journal of Agricultural and Food Chemistry},
year = {2014},
volume = {62},
number = {23},
pages = {5369--5377}
}

@article{REYNOLDS1966,
author = {Reynolds, T. and MacWilliam, I. C.},
title = {Water uptake and enzymic activity during steeping of barley},
journal = {Journal of the Institute of Brewing},
year = {1966},
volume = {72},
number = {2},
pages = {166--170}
}

@article{TURNER2019,
author = {Turner, Hannah M. and others},
title = {Effect of steeping regime on barley malt quality and its impacts on breeding program selection},
journal = {Journal of the American Society of Brewing Chemists},
year = {2019},
volume = {77},
number = {4},
pages = {267--281}
}

@article{WOFFENDEN2002,
author = {Woffenden, Helen M. and others},
title = {Effect of kilning on the antioxidant and pro-oxidant activities of pale malts},
journal = {Journal of Agricultural and Food Chemistry},
year = {2002},
volume = {50},
number = {17},
pages = {4925--4933}
}

@book{KUNZE1996,
author = {Kunze, Wolfgang},
title = {Technology Brewing and Malting: Yeast},
year = {1996},
publisher = {VLB}
}

@article{GRIFFITHS1992,
author = {Griffiths, M.},
title = {Malt kilning for flavour and colour},
journal = {Brew. Guardian},
year = {1992},
volume = {121},
pages = {29--34}
}

@article{PITZ1990,
  title={An analysis of malting research},
  author={Pitz, WJ},
  journal={Journal of the American Society of Brewing Chemists},
  volume={48},
  number={1},
  pages={33--44},
  year={1990},
  publisher={Taylor \& Francis}
}

@article{BAXTER1980,
  title={The effects of increased steeping temperatures on enzyme development in malt},
  author={Baxter, ED and Reeves, SG and Bamforth, CW},
  journal={Journal of the Institute of Brewing},
  volume={86},
  number={4},
  pages={182--185},
  year={1980},
  publisher={Wiley Online Library}
}

@inproceedings{TANGNI2002,
  title={Malts, moulds and mycotoxins},
  author={Tangni, EK and Larondelle, Yvan},
  booktitle={Bacteria, yeasts and moulds in malting and brewing: Proceedings of the Xth symposium “Chair J de Clerck”, Leuven (Belgium)},
  year={2002}
}

@article{DOUGLAS1988,
  title={A microbiological evaluation of barley malt production},
  author={Douglas, PE and Flannigan, B},
  journal={Journal of the Institute of Brewing},
  volume={94},
  number={2},
  pages={85--88},
  year={1988},
  publisher={Wiley Online Library}
}

@article{PETTERS1988,
  title={Quantitative and qualitative studies of the microflora of barley malt production},
  author={Petters, HI and Flannigan, B and Austin, B},
  journal={Journal of Applied Microbiology},
  volume={65},
  number={4},
  pages={279--297},
  year={1988},
  publisher={Blackwell Science Ltd Oxford, UK}
}

@article{SKENDI2018,
  title={Influence of kilning temperature on chemical composition of a Greek barley malt and its wort properties},
  author={Skendi, Adriana and Papageorgiou, Maria},
  journal={Millenium-Journal of Education, Technologies, and Health},
  number={7},
  pages={49--58},
  year={2018}
}

@article{WILHELMSOM2006,
  title={Oxygen deficiency in barley (Hordeum vulgare) grain during malting},
  author={Wilhelmson, Annika and Laitila, Arja and Vilpola, Arvi and Olkku, Juhani and Kotaviita, Erja and Fagerstedt, Kurt and Home, Silja},
  journal={Journal of agricultural and food chemistry},
  volume={54},
  number={2},
  pages={409--416},
  year={2006},
  publisher={ACS Publications}
}

@article{FARNAZEH2017,
  title={The impact of germination time on the some selected parameters through malting process},
  author={Farzaneh, Vahid and Ghodsvali, Alireza and Bakhshabadi, Hamid and Zare, Zahra and Carvalho, Isabel S},
  journal={International journal of biological macromolecules},
  volume={94},
  pages={663--668},
  year={2017},
  publisher={Elsevier}
}

@article{MONTANUCI2017,
  title={Effect of steeping time and temperature on malting process},
  author={Montanuci, Flavia Daiana and Ribani, Marcelo and de Matos Jorge, Luiz Mario and Matos Jorge, Regina Maria},
  journal={Journal of Food Process Engineering},
  volume={40},
  number={4},
  pages={e12519},
  year={2017},
  publisher={Wiley Online Library}
}

@book{SEBORG2016,
  title={Process dynamics and control},
  author={Seborg, Dale E and Edgar, Thomas F and Mellichamp, Duncan A and Doyle III, Francis J},
  year={2016},
  publisher={John Wiley \& Sons}
}

@book{BOLTON2021,
  title={Instrumentation and control systems},
  author={Bolton, William},
  year={2021},
  publisher={Newnes}
}

@article{PLAUSKA2022,
  title={Performance evaluation of c/c++, micropython, rust and tinygo programming languages on esp32 microcontroller},
  author={Plauska, Ignas and Liutkevi{\v{c}}ius, Agnius and Janavi{\v{c}}i{\=u}t{\.e}, Audron{\.e}},
  journal={Electronics},
  volume={12},
  number={1},
  pages={143},
  year={2022},
  publisher={MDPI}
}

@book{TOLLERVEY2017,
  title={Programming with MicroPython: embedded programming with microcontrollers and Python},
  author={Tollervey, Nicholas H},
  year={2017},
  publisher={" O'Reilly Media, Inc."}
}

@article{KOLBAN2017,
  title={Kolban’s Book on ESP32},
  author={Kolban, Neil},
  journal={Texas, USA},
  year={2017}
}

@book{ABLESON2011,
  title={Android in action},
  author={Ableson, Frank and King, Chris and Ortiz, C Enrique},
  year={2011},
  publisher={Simon and Schuster}
}

@book{JEMEROV2017,
  title={Kotlin in action},
  author={Jemerov, Dmitry and Isakova, Svetlana},
  year={2017},
  publisher={Simon and Schuster}
}

@book{SILLS2023,
  title={Android Programming: The Big Nerd Ranch Guide},
  author={Sills, Bryan and Gardner, Brian and Marsicano, Kristin and Stewart, Chris},
  year={2023},
  edition={5},
  publisher={Big Nerd Ranch, LLC},
  address={Atlanta, GA},
  isbn={978-0137645633},
  note={Fifth edition, second printing, February 2023}
}

@inproceedings{ferencz2020rapid,
  title={Rapid prototyping of IoT applications for the industry},
  author={Ferencz, Katalin and Domokos, J{\'o}zsef},
  booktitle={2020 IEEE international conference on automation, quality and testing, robotics (AQTR)},
  pages={1--6},
  year={2020},
  organization={IEEE}
}

@article{tanganelli2019rapid,
  title={Rapid prototyping of IoT solutions: A developer's perspective},
  author={Tanganelli, Giacomo and Vallati, Carlo and Mingozzi, Enzo},
  journal={IEEE Internet Computing},
  volume={23},
  number={4},
  pages={43--52},
  year={2019},
  publisher={IEEE}
}

@inproceedings{shinde2017industrial,
  title={Industrial process monitoring using loT},
  author={Shinde, Komal S and Bhagat, Prachi H},
  booktitle={2017 International Conference on I-SMAC (IoT in Social, Mobile, Analytics and Cloud)(I-SMAC)},
  pages={38--42},
  year={2017},
  organization={IEEE}
}

@inproceedings{mohanasundaram2024water,
  title={Water Quality Monitoring and Control in Urban Areas in Real-Time via IoT and Mobile Applications},
  author={Mohanasundaram, R and Sagar, Raghav Kumar and Khandelwal, Animan and Upadhyay, Diwas and Poddar, Harshit and Rajagopal, Sivakumar},
  booktitle={2024 3rd International Conference on Artificial Intelligence For Internet of Things (AIIoT)},
  pages={1--5},
  year={2024},
  organization={IEEE}
}

@online{android_bluetooth_overview,
  author = {{Android Developers}},
  title = {Bluetooth overview},
  year = {2024},
  url = {https://developer.android.com/develop/connectivity/bluetooth},
  urldate = {2025-03-31},
  organization = {Google}
}

@article{heydon2012bluetooth,
  title={Bluetooth low energy},
  author={Heydon, Robin and Hunn, Nick},
  journal={CSR Presentation, Bluetooth SIG https://www. bluetooth. org/DocMan/handlers/DownloadDoc. ashx},
  volume={32},
  year={2012}
}

@inproceedings{rodrigues2021controle,
  title={Controle de temperatura e de umidade de uma composteira utilizando o ESP32},
  author={Rodrigues, Luan D and Pereira, Rodrigo M and Palmeira, David Willy F and Silva, Guilherme Henrique A and Leite, Marco Antonio F and Silva, Juliana S},
  booktitle={Congresso Brasileiro de Agroinform{\'a}tica (SBIAGRO)},
  pages={53--61},
  year={2021},
  organization={SBC}
}

@mastersthesis{santos2019sistema,
  title={Sistema de automatiza{\c{c}}{\~a}o residencial de baixo custo controlado pelo microcontrolador esp32 e monitorado via smartphone},
  author={Santos, Jean Willian and Lara Junior, Renato Capelin de},
  type={{B.S.} thesis},
  year={2019},
  school={Universidade Tecnol{\'o}gica Federal do Paran{\'a}}
}

@mastersthesis{brito2020automaccao,
  title={Automa{\c{c}}{\~a}o de reator qu{\'\i}mico usando Micropython e sistema supervis{\'o}rio},
  author={Brito, Julian Jose de},
  type={{B.S.} thesis},
  year={2020},
  school={Universidade Tecnol{\'o}gica Federal do Paran{\'a}}
}

@misc{sempreupdate_kotlin_2020,
  title = {Como o {Google} está usando a linguagem de programação {Kotlin} para eliminar bugs de código},
  author = {Santana, Leonardo},
  year = {2020},
  month = {jul},
  url = {https://sempreupdate.com.br/android/como-o-google-esta-usando-a-linguagem-de-programacao-kotlin-para-eliminar-bugs-de-codigo/},
  publisher = {SempreUpdate},
  urldate = {2025-05-28},
  note = {Acessado em: 28 mai. 2025.},
  langid = {portuguese},
}

@book{nursten2005maillard,
  title={The Maillard reaction: chemistry, biochemistry, and implications},
  author={Nursten, Harry E},
  year={2005},
  publisher={Royal Society of Chemistry}
}

@article{rop2009betaglucans,
  title={Beta-glucans in higher fungi and their health effects},
  author={Rop, Otakar and Mlcek, Jiri and Jurikova, Tunde},
  journal={Nutrition reviews},
  volume={67},
  number={11},
  pages={624--631},
  year={2009},
  publisher={Oxford University Press Oxford, UK}
}

@incollection{bobade2022betaglucans,
  title={Beta-glucan},
  author={Bobade, Hanuman and Gupta, Antima and Sharma, Savita},
  booktitle={Nutraceuticals and health care},
  pages={343--358},
  year={2022},
  publisher={Elsevier}
}

@article{visakh2012starch,
  title={Starch-Based Bionanocomposites: Processing and Properties},
  author={Visakh, PM and Mathew, Aji P and Oksman, Kristiina and Thomas, Sabu},
  journal={Polysaccharide building blocks: A sustainable approach to the development of renewable biomaterials},
  pages={287--306},
  year={2012},
  publisher={Wiley Online Library}
}

@manual{espressif_esp32c3_2025,
  title        = {{ESP32-C3 Series Datasheet Version 2.1}},
  author       = {{Espressif Systems}},
  organization = {Espressif Systems},
  year         = {2025},
  month        = jun,
  note         = {Accessed on 2025-06-03},
  url          = {https://www.espressif.com/sites/default/files/documentation/esp32-c3_datasheet_en.pdf}
}

@online{ANDROIDSTUDIO,
  author       = {{Android Developers}},
  title        = {Android Studio},
  year         = {2023},
  url          = {https://developer.android.com/studio},
  urldate      = {2025-06-03},
  organization = {Google},
  language     = {en}
}

@article{do2021internet,
  title={Internet das coisas (IOT) aplicada ao monitoramento do n{\'\i}vel de {\'a}gua em reservat{\'o}rios dom{\'e}sticos},
  author={do Nascimento, Jaime Ferreira and Cichaczewski, Ederson},
  journal={Caderno Progressus},
  volume={1},
  number={2},
  pages={34--48},
  year={2021}
}

@article{dhingra2019internet,
  title={Internet of Things mobile--air pollution monitoring system (IoT-Mobair)},
  author={Dhingra, Swati and Madda, Rajasekhara Babu and Gandomi, Amir H and Patan, Rizwan and Daneshmand, Mahmoud},
  journal={IEEE Internet of Things Journal},
  volume={6},
  number={3},
  pages={5577--5584},
  year={2019},
  publisher={IEEE}
}

@online{bluetoothLEprimer2024,
  title        = {The Bluetooth\textsuperscript{\textregistered} Low Energy Primer},
  year         = {2024},
  author       = {{Bluetooth}},
  month        = {mar},
  organization = {Bluetooth SIG},
  url          = {https://www.bluetooth.com/wp-content/uploads/2022/05/the-bluetooth-le-primer-v1.2.0.pdf},
  language     = {en},
  note         = {Acessado em: 4 jun. 2025}
}

@online{bleGATT,
  title        = {GATT Specification Supplement},
  author       = {{Bluetooth SIG}},
  year         = {2025},
  organization = {Bluetooth SIG},
  url          = {https://btprodspecificationrefs.blob.core.windows.net/gatt-specification-supplement/GATT_Specification_Supplement.pdf},
  language     = {en},
  note         = {Acessado em: 4 jun. 2025}
}
